@online{bitcoinwiki,
    author    = "BitcoinWiki",
    title     = "Double-spending",
    url       = "https://en.bitcoin.it/wiki/Double-spending",
    keywords  = "double-spend"
}

@article{GKL15,
  author =       "Juan A. Garay and Aggelos Kiayias and Nikos Leonardos",
  title =        "The Bitcoin Backbone Protocol: Analysis and Applications",
  journal =      "Advances in Cryptology - EUROCRYPT 2015 - 34th Annual International Conference on the Theory and Applicaitons of Cryptographic Techniques, Sofia, Bulgaria, April 26-30, 2015, Proceedings, Part II,",
  volume =       "",
  number =       "",
  pages =        "281--310",
  year =         "2015",
  DOI =          "",
  keywords =     "bitcoin backbone"
}

@article{DW13,
    author  = "Christian Decker and Roger Wattenhofer",
    title   = "Information Propagation in the Bitcoin Network.",
    year    = "2013",
    journal = "IEEE Internation Coriference on Peer-to-Peer Computing (P2P), Trento, Italy,",
    volume  = "",
    number  = "",
    pages   = "1--10",
    keywords  = "Wattenhofer"
}

@article{KP15,
  author =       "Aggelos Kiayias and Giorgos Panagiotakos",
  title =        "Speed-security tradeoffs in blockchain protocols",
  journal =      "Cryptology ePrint Archive, Report 2015/1019,",
  volume =       "",
  number =       "",
  pages =        "",
  year =         "2015",
  DOI =          "http://eprint.iacr.org/2015/1019",
  keywords =     "bitcoin backbone"
}

@article{N08,
  author =       "Satoshi Nakomoto",
  title =        "A peer-to-peer electronic cash system",
  journal =      "online",
  volume =       "",
  number =       "",
  pages =        "",
  year =         "2008",
  DOI =          "https://bitcoin.org/bitcoin.pdf",
  keywords =     "bitcoin"
}

@article{ZS13,
  author =       "Yonatan Sompolinsky and Aviv Zohar",
  title =        "Accelerating bitcoinâ€™s transaction processing. fast money grows on trees, not chains",
  journal =      "IACR Cryptology ePrint Archive",
  volume =       "",
  number =       "881",
  pages =        "",
  year =         "2013",
  DOI =          "http://eprint.iacr.org/2013/881.pdf",
  keywords =     "ghost"
}

@article{ZS15,
  author =       "Yonatan Sompolinsky and Aviv Zohar",
  title =        "Secure high-rate transaction processing in Bitcoin",
  journal =      "Financial Cryptography and Data Security - 19th International Conference, FC 2015, San Juan, Puerto Rico, January 26-30, 2015, Revised Selected Papers",
  volume =       "",
  number =       "",
  pages =        "",
  year =         "2015",
  DOI =          "",
  keywords =     "ghost"
}

@article{KRDO16,
  author =       "Aggelos Kiayias and Alexander Russell and Bernardo David and Roman Oliynykov",
  title =        "Ouroboros: A provably secure proof-of-stake blockchain protocol",
  journal =      "Cryptology ePrint Archive, Report 2016/889",
  volume =       "",
  number =       "",
  pages =        "",
  year =         "2017",
  DOI =          "http://eprint.iacr.org/2016/889",
  keywords =     "ouroboros"
}

@article{RMKQ17,
  author =       "Alexander Russell and Cristopher Moore and Aggelos Kiayias and Saad Quader",
  title =        "Forkable Strings are Rare",
  journal =      "Cryptology ePrint Archive, Report 2017/241",
  volume =       "",
  number =       "",
  pages =        "",
  year =         "2017",
  DOI =          "http://eprint.iacr.org/2017/241",
  keywords =     "ouroboros"
}

@article{PR16,
  author =       "Carlos Pinzon and Camilo Rocha",
  title =        "Double-spend Attack Models with Time Advantange for Bitcoin",
  journal =      "Electronic Notes in Theoretical Computer Science",
  volume =       "329",
  number =       "",
  pages =        "79--103",
  year =         "2016",
  DOI =          "",
  keywords =     "ouroboros"
}

@article{R14,
  author =       "Meni Rosenfeld",
  title =        "Analysis of hashrate-based double-spending",
  journal =      "arXiv preprint",
  volume =       "",
  number =       "",
  pages =        "",
  year =         "2014",
  DOI =          "https://arxiv.org/abs/1402.2009",
  keywords =     "bitcoin"
}

@book{F70,
    author    = "William Feller",
    title     = "An Introduction to Probability Theory and its Applications",
    year      = "1970",
    publisher = "Wiley",
    address   = "New York",
    keywords  = "prob theory"
}

@article{S99,
  author =       "Berry Schoenmakers",
  title =        "A simple publicly verifiable secret sharing scheme and its application to electronic voting",
  journal =      "Advances in Cryptology - CRYPTO 99, 19th Annual International Cryptology Conference, Santa Barbara, California, USA, August 15-19, 1999, Proceedings, volume 1666 of Lecture Notes in Computer Science, Springer",
  volume =       "",
  number =       "",
  pages =        "148--164",
  year =         "1999",
  DOI =          "",
  keywords =     "pvss"
}

%  -----------EXAMPLES------------

% @article{einstein,
%   author =       "Albert Einstein",
%   title =        "{Zur Elektrodynamik bewegter K{\"o}rper}. ({German})
%                  [{On} the electrodynamics of moving bodies]",
%   journal =      "Annalen der Physik",
%   volume =       "322",
%   number =       "10",
%   pages =        "891--921",
%   year =         "1905",
%   DOI =          "http://dx.doi.org/10.1002/andp.19053221004",
%   keywords =     "physics"
% }

% @book{dirac,
%   title={The Principles of Quantum Mechanics},
%   author={Paul Adrien Maurice Dirac},
%   isbn={9780198520115},
%   series={International series of monographs on physics},
%   year={1981},
%   publisher={Clarendon Press},
%   keywords = {physics}
% }

% @book{latexcompanion,
%     author    = "Michel Goossens and Frank Mittelbach and Alexander Samarin",
%     title     = "The \LaTeX\ Companion",
%     year      = "1993",
%     publisher = "Addison-Wesley",
%     address   = "Reading, Massachusetts",
%     keywords  = "latex"
% }
 
% @online{knuthwebsite,
%     author    = "Donald Knuth",
%     title     = "Knuth: Computers and Typesetting",
%     url       = "http://www-cs-faculty.stanford.edu/~uno/abcde.html",
%     keywords  = "latex,knuth"
% }

% @inbook{knuth-fa,
%   author = "Donald E. Knuth",
%   title = "Fundamental Algorithms",
%   publisher = "Addison-Wesley",
%   year = "1973",
%   chapter = "1.2",
%   keywords  = "knuth,programming"
% }

% @book{knuth-acp,
%   author = "Donald E. Knuth",
%   publisher = "Addison-Wesley",
%   title = "The Art of Computer Programming",
%   series = "Four volumes",
%   year = "1968",
%   note = "Seven volumes planned",
%   keywords  = "knuth,programming"
% }

% @article{ctan,
%     author  = "George D. Greenwade",
%     title   = "The {C}omprehensive {T}ex {A}rchive {N}etwork ({CTAN})",
%     year    = "1993",
%     journal = "TUGBoat",
%     volume  = "14",
%     number  = "3",
%     pages   = "342--351",
%     keywords  = "latex"
% }